@article{ORBSLAM3_TRO,
  title={{ORB-SLAM3}: An Accurate Open-Source Library for Visual, Visual-Inertial 
           and Multi-Map {SLAM}},
  author={Campos, Carlos AND Elvira, Richard AND Gomez, Juan J. AND Montiel, 
          Jos\'e M. M. AND Tard\'os, Juan D.},
  journal={IEEE Transactions on Robotics}, 
  volume={37},
  number={6},
  pages={1874-1890},
  year={2021}
 }
 
 @inproceedings{wirth2013visual,
  title={Visual odometry for autonomous underwater vehicles},
  author={Wirth, Stephan and Carrasco, Pep Lluis Negre and Codina, Gabriel Oliver},
  booktitle={2013 MTS/IEEE OCEANS-Bergen},
  pages={1--6},
  year={2013},
  organization={IEEE}
}

@misc{grupp2017evo,
  title={evo: Python package for the evaluation of odometry and SLAM.},
  author={Grupp, Michael},
  howpublished={\url{https://github.com/MichaelGrupp/evo}},
  year={2017}
}
@INPROCEEDINGS{6126513,

  author={Newcombe, Richard A. and Lovegrove, Steven J. and Davison, Andrew J.},

  booktitle={2011 International Conference on Computer Vision}, 

  title={DTAM: Dense tracking and mapping in real-time}, 

  year={2011},

  volume={},

  number={},

  pages={2320-2327},

  doi={10.1109/ICCV.2011.6126513}}

@inproceedings{engel14eccv,
 author = {J. Engel and T. Sch√∂ps and D. Cremers},
 title = {{LSD-SLAM}: Large-Scale Direct Monocular {SLAM}},
 year = {2014},
 month = {September},
 booktitle = {European Conference on Computer Vision (ECCV)},
 keywords = {rgb-d, monocular, slam, semidense, lsdslam, vslam},
 award = {Oral Presentation},
}

@inbook{eurocbench,
author = {Mingachev, Eldar and Lavrenov, Roman and Magid, Evgeni and Svinin, Mikhail},
year = {2020},
month = {09},
pages = {343-355},
title = {Comparative Analysis of Monocular SLAM Algorithms Using TUM and EuRoC Benchmarks},
isbn = {978-981-15-5579-4},
doi = {10.1007/978-981-15-5580-0_28}
}